

@article{gekakaosscsc11a,
  author =        {M. Gebser and R. Kaminski and B. Kaufmann and
                   M. Ostrowski and T. Schaub and M. Schneider},
  journal =       {AI Communications},
  number =        {2},
  pages =         {107-124},
  title =         {Potassco: The {P}otsdam Answer Set Solving
                   Collection},
  volume =        {24},
  year =          {2011},
}

@book{gekakasc12a,
  author =        {M. Gebser and R. Kaminski and B. Kaufmann and
                   T. Schaub},
  publisher =     {Morgan and Claypool Publishers},
  series =        {Synthesis Lectures on Artificial Intelligence and
                   Machine Learning},
  title =         {Answer Set Solving in Practice},
  year =          {2012},
}

@misc{potassco,
  howpublished =  {https://potassco.org},
  key =           {potassco},
  title =         {Potassco website},
  url =           {https://potassco.org},
}

@article{ankolisc05a,
  author =        {C. Anger and K. Konczak and T. Linke and T. Schaub},
  journal =       {K체nstliche Intelligenz},
  number =        {1},
  pages =         {12-17},
  title =         {A Glimpse of Answer Set Programming},
  volume =        {19},
  year =          {2005},
}

@book{baral02a,
  author =        {C. Baral},
  publisher =     {Cambridge University Press},
  title =         {Knowledge Representation, Reasoning and Declarative
                   Problem Solving},
  year =          {2003},
}

@article{breitr11a,
  author =        {G. Brewka and T. Eiter and M. Truszczy{\'n}ski},
  journal =       {Communications of the ACM},
  number =        {12},
  pages =         {92-103},
  title =         {Answer set programming at a glance},
  volume =        {54},
  year =          {2011},
}

@incollection{gelfond08a,
  author =        {M. Gelfond},
  booktitle =     {Handbook of Knowledge Representation},
  chapter =       {7},
  editor =        {V. Lifschitz and F. {van Harmelen} and B. Porter},
  pages =         {285-316},
  publisher =     {Elsevier Science},
  title =         {Answer Sets},
  year =          {2008},
}

@book{gelkah14a,
  author =        {M. Gelfond and Y. Kahl},
  publisher =     {Cambridge University Press},
  title =         {Knowledge Representation, Reasoning, and the Design
                   of Intelligent Agents: The Answer-Set Programming
                   Approach},
  year =          {2014},
}

@article{gelleo02a,
  author =        {M. Gelfond and N. Leone},
  journal =       {Artificial Intelligence},
  number =        {1-2},
  pages =         {3-38},
  title =         {Logic programming and knowledge representation ---
                   the {A}-{P}rolog perspective},
  volume =        {138},
  year =          {2002},
}

@article{lifschitz02a,
  author =        {V. Lifschitz},
  journal =       {Artificial Intelligence},
  number =        {1-2},
  pages =         {39-54},
  title =         {Answer set programming and plan generation},
  volume =        {138},
  year =          {2002},
}

@incollection{martru99a,
  author =        {V. Marek and M. Truszczy\'{n}ski},
  booktitle =     {The Logic Programming Paradigm: a 25-Year
                   Perspective},
  editor =        {K. Apt and V. Marek and M. Truszczy\'{n}ski and
                   D. Warren},
  pages =         {375-398},
  publisher =     {Springer-Verlag},
  title =         {Stable models and an alternative logic programming
                   paradigm},
  year =          {1999},
}

@article{niemela99a,
  author =        {I. Niemel채},
  journal =       {Annals of Mathematics and Artificial Intelligence},
  number =        {3-4},
  pages =         {241-273},
  title =         {Logic Programs with Stable Model Semantics as a
                   Constraint Programming Paradigm},
  volume =        {25},
  year =          {1999},
}

@article{gehakalisc15a,
  author =        {M. Gebser and A. Harrison and R. Kaminski and
                   V. Lifschitz and T. Schaub},
  journal =       {Theory and Practice of Logic Programming},
  note =          {Available at \url{http://arxiv.org/abs/1507.06576}},
  number =        {4-5},
  pages =         {449-463},
  title =         {Abstract {G}ringo},
  volume =        {15},
  year =          {2015},
}

@inproceedings{gellif88b,
  author =        {M. Gelfond and V. Lifschitz},
  booktitle =     {Proceedings of the Fifth International Conference and
                   Symposium of Logic Programming (ICLP'88)},
  editor =        {R. Kowalski and K. Bowen},
  pages =         {1070-1080},
  publisher =     {MIT Press},
  title =         {The Stable Model Semantics for Logic Programming},
  year =          {1988},
}

@book{SATHandbook,
  booktitle =     {Handbook of Satisfiability},
  editor =        {A. Biere and M. Heule and H. {van Maaren} and
                   T. Walsh},
  publisher =     {IOS Press},
  series =        {Frontiers in Artificial Intelligence and
                   Applications},
  title =         {Handbook of Satisfiability},
  volume =        {185},
  year =          {2009},
}

@misc{GNUgpl,
  howpublished =  {Free Software Foundation, Inc.},
  key =           {gnugpl},
  note =          {\url{http://www.gnu.org/copyleft/gpl.html}},
  title =         {{GNU} General Public License},
}

@misc{lparseManual,
  author =        {T. Syrj채nen},
  title =         {Lparse 1.0 User's Manual},
  year =          {2001},
  url =           {http://www.tcs.hut.fi/Software/smodels/lparse.ps.gz},
}

@article{siniso02a,
  author =        {P. Simons and I. Niemel채 and T. Soininen},
  journal =       {Artificial Intelligence},
  number =        {1-2},
  pages =         {181-234},
  title =         {Extending and implementing the stable model
                   semantics},
  volume =        {138},
  year =          {2002},
}

@article{schlipf95a,
  author =        {J. Schlipf},
  journal =       {Journal of Computer and System Sciences},
  pages =         {64-86},
  title =         {The expressive powers of the logic programming
                   semantics},
  volume =        {51},
  year =          {1995},
}

@inproceedings{gescth07a,
  author =        {M. Gebser and T. Schaub and S. Thiele},
  booktitle =     {Proceedings of the Ninth International Conference on
                   Logic Programming and Nonmonotonic Reasoning
                   (LPNMR'07)},
  editor =        {C. Baral and G. Brewka and J. Schlipf},
  pages =         {266-271},
  publisher =     {Springer-Verlag},
  series =        {Lecture Notes in Artificial Intelligence},
  title =         {Gringo: A New Grounder for Answer Set Programming},
  volume =        {4483},
  year =          {2007},
}

@inproceedings{gekanesc07a,
  author =        {M. Gebser and B. Kaufmann and A. Neumann and
                   T. Schaub},
  booktitle =     {Proceedings of the Twentieth International Joint
                   Conference on Artificial Intelligence (IJCAI'07)},
  editor =        {M. Veloso},
  pages =         {386-392},
  publisher =     {AAAI/MIT Press},
  title =         {Conflict-Driven Answer Set Solving},
  year =          {2007},
}

@article{gekasc09c,
  author =        {M. Gebser and B. Kaufmann and T. Schaub},
  journal =       {Artificial Intelligence},
  pages =         {52-89},
  title =         {Conflict-Driven Answer Set Solving: From Theory to
                   Practice},
  volume =        {187-188},
  year =          {2012},
}

@inproceedings{lifschitz08a,
  author =        {V. Lifschitz},
  booktitle =     {Proceedings of the Twenty-fourth International
                   Conference on Logic Programming (ICLP'08)},
  editor =        {M. {Garcia de la Banda} and E. Pontelli},
  pages =         {37-51},
  publisher =     {Springer-Verlag},
  series =        {Lecture Notes in Computer Science},
  title =         {Twelve Definitions of a Stable Model},
  volume =        {5366},
  year =          {2008},
}

@article{gellif91a,
  author =        {M. Gelfond and V. Lifschitz},
  journal =       {New Generation Computing},
  pages =         {365-385},
  title =         {Classical Negation in Logic Programs and Disjunctive
                   Databases},
  volume =        {9},
  year =          {1991},
}

@article{eitpol06a,
  author =        {T. Eiter and A. Polleres},
  journal =       {Theory and Practice of Logic Programming},
  number =        {1-2},
  pages =         {23-60},
  title =         {Towards automated integration of guess and check
                   programs in answer set programming: a
                   meta-interpreter and applications},
  volume =        {6},
  year =          {2006},
}

@article{gekasc11b,
  author =        {M. Gebser and R. Kaminski and T. Schaub},
  journal =       {Theory and Practice of Logic Programming},
  number =        {4-5},
  pages =         {821-839},
  title =         {Complex Optimization in Answer Set Programming},
  volume =        {11},
  year =          {2011},
}

@article{eitgot95a,
  author =        {T. Eiter and G. Gottlob},
  journal =       {Annals of Mathematics and Artificial Intelligence},
  number =        {3-4},
  pages =         {289-323},
  title =         {On the Computational Cost of Disjunctive Logic
                   Programming: Propositional Case},
  volume =        {15},
  year =          {1995},
}

@article{litatu99a,
  author =        {V. Lifschitz and L. Tang and H. Turner},
  journal =       {Annals of Mathematics and Artificial Intelligence},
  number =        {3-4},
  pages =         {369-389},
  title =         {Nested Expressions in Logic Programs},
  volume =        {25},
  year =          {1999},
}

@inproceedings{haliya14a,
  author =        {A. Harrison and V. Lifschitz and F. Yang},
  booktitle =     {Proceedings of the Fourteenth International
                   Conference on Principles of Knowledge Representation
                   and Reasoning (KR'14)},
  editor =        {C. Baral and G. {De Giacomo} and T. Eiter},
  publisher =     {AAAI Press},
  title =         {The Semantics of Gringo and Infinitary Propositional
                   Formulas},
  year =          {2014},
  url =           {http://www.aaai.org/ocs/index.php/KR/KR14/paper/view/7966},
}

@article{bflnrp00a,
  author =        {F. Buccafurri and N. Leone and P. Rullo},
  journal =       {IEEE Transactions on Knowledge and Data Engineering},
  number =        {5},
  pages =         {845-860},
  title =         {Enhancing Disjunctive Datalog by Constraints},
  volume =        {12},
  year =          {2000},
}

@inproceedings{gekanesc07b,
  author =        {M. Gebser and B. Kaufmann and A. Neumann and
                   T. Schaub},
  booktitle =     {Proceedings of the Ninth International Conference on
                   Logic Programming and Nonmonotonic Reasoning
                   (LPNMR'07)},
  editor =        {C. Baral and G. Brewka and J. Schlipf},
  pages =         {260-265},
  publisher =     {Springer-Verlag},
  series =        {Lecture Notes in Artificial Intelligence},
  title =         {clasp: A Conflict-Driven Answer Set Solver},
  volume =        {4483},
  year =          {2007},
}

@inproceedings{kascwa17a,
  author =        {R. Kaminski and T. Schaub and P. Wanko},
  booktitle =     {Proceedings of the Thirteenth International Summer
                   School of the Reasoning Web},
  editor =        {G. Ianni and D. Lembo and L. Bertossi and W. Faber and
                   B. Glimm and G. Gottlob and S. Staab},
  pages =         {167-203},
  publisher =     {Springer-Verlag},
  series =        {Lecture Notes in Computer Science},
  title =         {A Tutorial on Hybrid Answer Set Solving with clingo},
  volume =        {10370},
  year =          {2017},
}

@article{gekakasc17a,
  author =        {M. Gebser and R. Kaminski and B. Kaufmann and
                   T. Schaub},
  journal =       {CoRR},
  title =         {Multi-shot {ASP} solving with clingo},
  volume =        {abs/1705.09811},
  year =          {2017},
  url =           {http://arxiv.org/abs/1705.09811},
}

@inproceedings{gekakaosscwa16a,
  author =        {M. Gebser and R. Kaminski and B. Kaufmann and
                   M. Ostrowski and T. Schaub and P. Wanko},
  booktitle =     {Technical Communications of the Thirty-second
                   International Conference on Logic Programming
                   (ICLP'16)},
  editor =        {M. Carro and A. King},
  pages =         {2:1-2:15},
  publisher =     {Open Access Series in Informatics (OASIcs)},
  title =         {Theory Solving Made Easy with Clingo~5},
  volume =        {52},
  year =          {2016},
}

@article{jakaosscscwa17a,
  author =        {T. Janhunen and R. Kaminski and M. Ostrowski and
                   T. Schaub and S. Schellhorn and P. Wanko},
  journal =       {Theory and Practice of Logic Programming},
  note =          {To appear.},
  title =         {Clingo goes Linear Constraints over Reals and
                   Integers},
  year =          {2017},
  url =           {\url{https://arxiv.org/abs/1707.04053}},
}

@article{bakaossc16a,
  author =        {M. Banbara and B. Kaufmann and M. Ostrowski and
                   T. Schaub},
  journal =       {Theory and Practice of Logic Programming},
  number =        {4},
  pages =         {408-461},
  title =         {Clingcon: The Next Generation},
  volume =        {17},
  year =          {2017},
}

@inproceedings{bageinscsotawe13a,
  author =        {M. Banbara and M. Gebser and K. Inoue and T. Schaub and
                   T. Soh and N. Tamura and M. Weise},
  booktitle =     {Proceedings of the Sixth Workshop on Answer Set
                   Programming and Other Computing Paradigms
                   (ASPOCP'13)},
  editor =        {M. Fink and Y. Lierler},
  publisher =     {CoRR},
  title =         {{A}spartame: Solving Constraint Satisfaction Problems
                   with Answer Set Programming},
  volume =        {abs/1312.6113},
  year =          {2013},
}

@article{tatakiba09a,
  author =        {N. Tamura and A. Taga and S. Kitagawa and M. Banbara},
  journal =       {Constraints},
  number =        {2},
  pages =         {254-272},
  title =         {Compiling finite linear {CSP} into {SAT}},
  volume =        {14},
  year =          {2009},
}

@book{CPHandbook,
  booktitle =     {Handbook of Constraint Programming},
  editor =        {F. Rossi and P. {van Beek} and T. Walsh},
  publisher =     {Elsevier Science},
  title =         {Handbook of Constraint Programming},
  year =          {2006},
}

@book{papadimitriou94a,
  author =        {C. Papadimitriou},
  publisher =     {Addison-Wesley},
  title =         {Computational Complexity},
  year =          {1994},
}

@article{erdlif03a,
  author =        {E. Erdem and V. Lifschitz},
  journal =       {Theory and Practice of Logic Programming},
  number =        {4-5},
  pages =         {499-518},
  title =         {Tight Logic Programs},
  volume =        {3},
  year =          {2003},
}

@article{fages94a,
  author =        {F. Fages},
  journal =       {Journal of Methods of Logic in Computer Science},
  pages =         {51-60},
  title =         {Consistency of {C}lark's completion and the existence
                   of stable models},
  volume =        {1},
  year =          {1994},
}

@article{gupnau92a,
  author =        {N. Gupta and D. Nau},
  journal =       {Artificial Intelligence},
  number =        {2-3},
  pages =         {223-254},
  title =         {On the Complexity of Blocks-World Planning},
  volume =        {56},
  year =          {1992},
}

@misc{erdemBW,
  author =        {E. Erdem},
  howpublished =
  {\url{http://people.sabanciuniv.edu/esraerdem/ASP-benchmarks/bw.html}},
  title =         {The Blocks World},
}

@inproceedings{gekakaosscth08a,
  author =        {M. Gebser and R. Kaminski and B. Kaufmann and
                   M. Ostrowski and T. Schaub and S. Thiele},
  booktitle =     {Proceedings of the Twenty-fourth International
                   Conference on Logic Programming (ICLP'08)},
  editor =        {M. {Garcia de la Banda} and E. Pontelli},
  pages =         {190-205},
  publisher =     {Springer-Verlag},
  series =        {Lecture Notes in Computer Science},
  title =         {Engineering an Incremental {ASP} Solver},
  volume =        {5366},
  year =          {2008},
}

@misc{GNUcoding,
  howpublished =  {Free Software Foundation, Inc.},
  key =           {gnucoding},
  note =              {\url{http://www.gnu.org/prep/standards/standards.html}},
  title =         {{GNU} Coding Standards},
}

@inproceedings{gekasc09a,
  author =        {M. Gebser and B. Kaufmann and T. Schaub},
  booktitle =     {Proceedings of the Sixth International Conference on
                   Integration of AI and OR Techniques in Constraint
                   Programming for Combinatorial Optimization Problems
                   (CPAIOR'09)},
  editor =        {W. {van Hoeve} and J. Hooker},
  pages =         {71-86},
  publisher =     {Springer-Verlag},
  series =        {Lecture Notes in Computer Science},
  title =         {Solution Enumeration for Projected {B}oolean Search
                   Problems},
  volume =        {5547},
  year =          {2009},
}

@inproceedings{gekanesc07c,
  author =        {M. Gebser and B. Kaufmann and A. Neumann and
                   T. Schaub},
  booktitle =     {Proceedings of the Ninth International Conference on
                   Logic Programming and Nonmonotonic Reasoning
                   (LPNMR'07)},
  editor =        {C. Baral and G. Brewka and J. Schlipf},
  pages =         {136-148},
  publisher =     {Springer-Verlag},
  series =        {Lecture Notes in Artificial Intelligence},
  title =         {Conflict-Driven Answer Set Enumeration},
  volume =        {4483},
  year =          {2007},
}

@article{gekasc12b,
  author =        {M. Gebser and B. Kaufmann and T. Schaub},
  journal =       {Theory and Practice of Logic Programming},
  number =        {4-5},
  pages =         {525-545},
  title =         {Multi-threaded {ASP} Solving with clasp},
  volume =        {12},
  year =          {2012},
}

@inproceedings{gekakasc11c,
  author =        {M. Gebser and R. Kaminski and B. Kaufmann and
                   T. Schaub},
  booktitle =     {Technical Communications of the Twenty-seventh
                   International Conference on Logic Programming
                   (ICLP'11)},
  editor =        {J. Gallagher and M. Gelfond},
  pages =         {1-10},
  publisher =     {Leibniz International Proceedings in Informatics
                   (LIPIcs)},
  title =         {Multi-Criteria Optimization in Answer Set
                   Programming},
  volume =        {11},
  year =          {2011},
}

@inproceedings{ankamasc12a,
  author =        {B. Andres and B. Kaufmann and O. Matheis and
                   T. Schaub},
  booktitle =     {Technical Communications of the Twenty-eighth
                   International Conference on Logic Programming
                   (ICLP'12)},
  editor =        {A. Dovier and V. {Santos Costa}},
  pages =         {212-221},
  publisher =     {Leibniz International Proceedings in Informatics
                   (LIPIcs)},
  title =         {Unsatisfiability-based optimization in clasp},
  volume =        {17},
  year =          {2012},
}

@inproceedings{golnov02a,
  author =        {E. Goldberg and Y. Novikov},
  booktitle =     {Proceedings of the Fifth Conference on Design,
                   Automation and Test in Europe (DATE'02)},
  pages =         {142-149},
  publisher =     {IEEE Computer Society Press},
  title =         {{BerkMin}: A Fast and Robust {SAT} Solver},
  year =          {2002},
}

@mastersthesis{ryan04a,
  author =        {L. Ryan},
  school =        {Simon Fraser University},
  title =         {Efficient Algorithms for Clause-Learning {SAT}
                   Solvers},
  year =          {2004},
}

@inproceedings{momazhzhma01a,
  author =        {M. Moskewicz and C. Madigan and Y. Zhao and L. Zhang and
                   S. Malik},
  booktitle =     {Proceedings of the Thirty-eighth Conference on Design
                   Automation (DAC'01)},
  pages =         {530-535},
  publisher =     {ACM Press},
  title =         {Chaff: Engineering an Efficient {SAT} Solver},
  year =          {2001},
}

@inproceedings{pipdar07a,
  author =        {K. Pipatsrisawat and A. Darwiche},
  booktitle =     {Proceedings of the Tenth International Conference on
                   Theory and Applications of Satisfiability Testing
                   (SAT'07)},
  editor =        {J. Marques-Silva and K. Sakallah},
  pages =         {294-299},
  publisher =     {Springer-Verlag},
  series =        {Lecture Notes in Computer Science},
  title =         {A Lightweight Component Caching Scheme for
                   Satisfiability Solvers},
  volume =        {4501},
  year =          {2007},
}

@inproceedings{eensor03a,
  author =        {N. E{\'e}n and N. S철rensson},
  booktitle =     {Proceedings of the Sixth International Conference on
                   Theory and Applications of Satisfiability Testing
                   (SAT'03)},
  editor =        {E. Giunchiglia and A. Tacchella},
  pages =         {502-518},
  publisher =     {Springer-Verlag},
  series =        {Lecture Notes in Computer Science},
  title =         {An Extensible {SAT}-solver},
  volume =        {2919},
  year =          {2004},
}

@article{lusizu93a,
  author =        {M. Luby and A. Sinclair and D. Zuckerman},
  journal =       {Information Processing Letters},
  number =        {4},
  pages =         {173-180},
  title =         {Optimal speedup of {L}as {V}egas algorithms},
  volume =        {47},
  year =          {1993},
}

@inproceedings{audsim09b,
  author =        {G. Audemard and L. Simon},
  booktitle =     {{SAT} 2009 competitive events booklet: preliminary
                   version},
  editor =        {D. {Le Berre} and O. Roussel and L. Simon and
                   V. Manquinho and J. Argelich and C. Li and
                   F. Many{\`a} and J. Planes},
  note =          {Available at
  \url{http://www.cril.univ-artois.fr/SAT09/solvers/booklet.pdf}},
  pages =         {7-8},
  title =         {{GLUCOSE}: A Solver That Predicts Learnt Clauses
                   Quality},
  year =          {2009},
}

@article{biere08a,
  author =        {A. Biere},
  journal =       {Journal on Satisfiability, Boolean Modeling and
                   Computation},
  pages =         {75-97},
  title =         {Pico{SAT} Essentials},
  volume =        {4},
  year =          {2008},
}

@inproceedings{gekanesc08a,
  author =        {M. Gebser and B. Kaufmann and A. Neumann and
                   T. Schaub},
  booktitle =     {Proceedings of the Eighteenth European Conference on
                   Artificial Intelligence (ECAI'08)},
  editor =        {M. Ghallab and C. Spyropoulos and N. Fakotakis and
                   N. Avouris},
  pages =         {15-19},
  publisher =     {IOS Press},
  title =         {Advanced Preprocessing for Answer Set Solving},
  year =          {2008},
}

@inproceedings{eenbie05a,
  author =        {N. E{\'e}n and A. Biere},
  booktitle =     {Proceedings of the Eighth International Conference on
                   Theory and Applications of Satisfiability Testing
                   (SAT'05)},
  editor =        {F. Bacchus and T. Walsh},
  pages =         {61-75},
  publisher =     {Springer-Verlag},
  series =        {Lecture Notes in Computer Science},
  title =         {Effective Preprocessing in {SAT} Through Variable and
                   Clause Elimination},
  volume =        {3569},
  year =          {2005},
}

@inproceedings{jabihe10a,
  author =        {M. J채rvisalo and A. Biere and M. Heule},
  booktitle =     {Proceedings of the Sixteenth International Conference
                   on Tools and Algorithms for the Construction and
                   Analysis of Systems (TACAS'10)},
  editor =        {J. Esparza and R. Majumdar},
  pages =         {129-144},
  publisher =     {Springer-Verlag},
  series =        {Lecture Notes in Computer Science},
  title =         {Blocked Clause Elimination},
  volume =        {6015},
  year =          {2010},
}

@inproceedings{gekasc09b,
  author =        {M. Gebser and B. Kaufmann and T. Schaub},
  booktitle =     {Proceedings of the Tenth International Conference on
                   Logic Programming and Nonmonotonic Reasoning
                   (LPNMR'09)},
  editor =        {E. Erdem and F. Lin and T. Schaub},
  pages =         {509-514},
  publisher =     {Springer-Verlag},
  series =        {Lecture Notes in Artificial Intelligence},
  title =         {The Conflict-Driven Answer Set Solver clasp: Progress
                   Report},
  volume =        {5753},
  year =          {2009},
}

@inproceedings{gekaotroscwa13a,
  author =        {M. Gebser and B. Kaufmann and R. Otero and J. Romero and
                   T. Schaub and P. Wanko},
  booktitle =     {Proceedings of the Twenty-Seventh National Conference
                   on Artificial Intelligence (AAAI'13)},
  editor =        {M. {desJardins} and M. Littman},
  pages =         {350-356},
  publisher =     {AAAI Press},
  title =         {Domain-specific Heuristics in Answer Set Programming},
  year =          {2013},
}

@inproceedings{cacacale96a,
  author =        {T. Castell and C. Cayrol and M. Cayrol and
                   D. {Le Berre}},
  booktitle =     {Proceedings of the Twelfth European Conference on
                   Artificial Intelligence (ECAI'96)},
  editor =        {W. Wahlster},
  pages =         {350-354},
  publisher =     {John Wiley \& sons},
  title =         {Using the {D}avis and {P}utnam Procedure for an
                   Efficient Computation of Preferred Models},
  year =          {1996},
}

@article{rogima10a,
  author =        {E. {Di Rosa} and E. Giunchiglia and M. Maratea},
  journal =       {Constraints},
  number =        {4},
  pages =         {485-515},
  title =         {Solving satisfiability problems with preferences},
  volume =        {15},
  year =          {2010},
}

@misc{gekakasc11b,
  author =        {M. Gebser and R. Kaminski and B. Kaufmann and
                   T. Schaub},
  howpublished =  {Available at
                   \url{http://www.cs.uni-potsdam.de/wv/publications/}},
  note =
  {http://www.cs.uni-potsdam.de/wv/pdfformat/gekakasc11b.pdf},
  title =         {Multi-Criteria Optimization in {ASP} and its
                   Application to {L}inux Package Configuration},
  year =          {2011},
}

@inproceedings{brderosc15a,
  author =        {G. Brewka and J. Delgrande and J. Romero and
                   T. Schaub},
  booktitle =     {Proceedings of the Twenty-Ninth National Conference
                   on Artificial Intelligence (AAAI'15)},
  editor =        {B. Bonet and S. Koenig},
  pages =         {1467-1474},
  publisher =     {AAAI Press},
  title =         {asprin: Customizing Answer Set Preferences without a
                   Headache},
  year =          {2015},
  url =           {http://www.aaai.org/ocs/index.php/AAAI/AAAI15/paper/view/
                  9535},
}

@inproceedings{brnitr03a,
  author =        {G. Brewka and I. Niemel채 and M. Truszczy{\'n}ski},
  booktitle =     {Proceedings of the Eighteenth International Joint
                   Conference on Artificial Intelligence (IJCAI'03)},
  editor =        {G. Gottlob and T. Walsh},
  pages =         {867-872},
  publisher =     {Morgan Kaufmann Publishers},
  title =         {Answer Set Optimization},
  year =          {2003},
}

@incollection{giumar12a,
  author =        {E. Giunchiglia and M. Maratea},
  booktitle =     {Correct Reasoning: Essays on Logic-Based {AI} in
                   Honour of {V}ladimir {L}ifschitz},
  editor =        {E. Erdem and J. Lee and Y. Lierler and D. Pearce},
  pages =         {327-344},
  publisher =     {Springer-Verlag},
  series =        {Lecture Notes in Computer Science},
  title =         {Algorithms for Solving Satisfiability Problems with
                   Qualitative Preferences},
  volume =        {7265},
  year =          {2012},
}

@article{sonpon06a,
  author =        {T. Son and E. Pontelli},
  journal =       {Theory and Practice of Logic Programming},
  number =        {5},
  pages =         {559-608},
  title =         {Planning with Preferences using Logic Programming},
  volume =        {6},
  year =          {2006},
}

@incollection{apblwa87a,
  author =        {K. Apt and H. Blair and A. Walker},
  booktitle =     {Foundations of Deductive Databases and Logic
                   Programming},
  chapter =       {2},
  editor =        {J. Minker},
  pages =         {89-148},
  publisher =     {Morgan Kaufmann Publishers},
  title =         {Towards a Theory of Declarative Knowledge},
  year =          {1987},
}

@article{holisc14a,
  author =        {H. Hoos and M. Lindauer and T. Schaub},
  journal =       {Theory and Practice of Logic Programming},
  number =        {4-5},
  pages =         {569-585},
  title =         {claspfolio 2: Advances in Algorithm Selection for
                   Answer Set Programming},
  volume =        {14},
  year =          {2014},
}

@inproceedings{gejokaobsascsc13a,
  author =        {M. Gebser and H. Jost and R. Kaminski and
                   P. Obermeier and O. Sabuncu and T. Schaub and
                   M. Schneider},
  booktitle =     {Proceedings of the Twelfth International Conference
                   on Logic Programming and Nonmonotonic Reasoning
                   (LPNMR'13)},
  editor =        {P. Cabalar and T. Son},
  pages =         {348-360},
  publisher =     {Springer-Verlag},
  series =        {Lecture Notes in Artificial Intelligence},
  title =         {Ricochet Robots: A transverse {ASP} benchmark},
  volume =        {8148},
  year =          {2013},
}

@article{lihohusc15a,
  author =        {M. Lindauer and H. Hoos and F. Hutter and T. Schaub},
  journal =       {Journal of Artificial Intelligence Research},
  pages =         {745-778},
  title =         {{AutoFolio}: An Automatically Configured Algorithm
                   Selector},
  volume =        {53},
  year =          {2015},
}

@inproceedings{huhole11b,
  author =        {F. Hutter and H. Hoos and K. Leyton-Brown},
  booktitle =     {Proceedings of the Fifth International Conference on
                   Learning and Intelligent Optimization (LION'11)},
  pages =         {507-523},
  publisher =     {Springer-Verlag},
  series =        {Lecture Notes in Computer Science},
  title =         {Sequential Model-Based Optimization for General
                   Algorithm Configuration},
  volume =        {6683},
  year =          {2011},
}

@inproceedings{gekakasc14b,
  author =        {M. Gebser and R. Kaminski and B. Kaufmann and
                   T. Schaub},
  booktitle =     {Technical Communications of the Thirtieth
                   International Conference on Logic Programming
                   (ICLP'14)},
  editor =        {M. Leuschel and T. Schrijvers},
  note =          {Available at \url{http://arxiv.org/abs/1405.3694v1}},
  series =        {Theory and Practice of Logic Programming, Online
                   Supplement},
  title =         {\textit{Clingo} = {ASP} + Control: Preliminary
                   Report},
  volume =        {14(4-5)},
  year =          {2014},
  annote =        {USED v1 to indicate version one},
}

@inproceedings{geossc09a,
  author =        {M. Gebser and M. Ostrowski and T. Schaub},
  booktitle =     {Proceedings of the Twenty-fifth International
                   Conference on Logic Programming (ICLP'09)},
  editor =        {P. Hill and D. Warren},
  pages =         {235-249},
  publisher =     {Springer-Verlag},
  series =        {Lecture Notes in Computer Science},
  title =         {Constraint Answer Set Solving},
  volume =        {5649},
  year =          {2009},
}

@article{ostsch12a,
  author =        {M. Ostrowski and T. Schaub},
  journal =       {Theory and Practice of Logic Programming},
  number =        {4-5},
  pages =         {485-503},
  title =         {{ASP} modulo {CSP}: The clingcon system},
  volume =        {12},
  year =          {2012},
}

@misc{aspcore2,
  author =        {F. Calimeri and W. Faber and M. Gebser and G. Ianni and
                   R. Kaminski and T. Krennwallner and N. Leone and
                   F. Ricca and T. Schaub},
  howpublished =  {Available at
  \url{https://www.mat.unical.it/aspcomp2013/ASPStandardization}},
  title =         {{ASP-Core-2}: Input language format},
  year =          {2012},
}

@proceedings{iclp08,
  booktitle =     {Proceedings of the Twenty-fourth International
                   Conference on Logic Programming (ICLP'08)},
  editor =        {M. {Garcia de la Banda} and E. Pontelli},
  publisher =     {Springer-Verlag},
  series =        {Lecture Notes in Computer Science},
  title =         {Proceedings of the Twenty-fourth International
                   Conference on Logic Programming (ICLP'08)},
  volume =        {5366},
  year =          {2008},
}

@proceedings{lpnmr07,
  booktitle =     {Proceedings of the Ninth International Conference on
                   Logic Programming and Nonmonotonic Reasoning
                   (LPNMR'07)},
  editor =        {C. Baral and G. Brewka and J. Schlipf},
  publisher =     {Springer-Verlag},
  series =        {Lecture Notes in Artificial Intelligence},
  title =         {Proceedings of the Ninth International Conference on
                   Logic Programming and Nonmonotonic Reasoning
                   (LPNMR'07)},
  volume =        {4483},
  year =          {2007},
}

@proceedings{iclp-lipics12,
  booktitle =     {Technical Communications of the Twenty-eighth
                   International Conference on Logic Programming
                   (ICLP'12)},
  editor =        {A. Dovier and V. {Santos Costa}},
  publisher =     {Leibniz International Proceedings in Informatics
                   (LIPIcs)},
  title =         {Technical Communications of the Twenty-eighth
                   International Conference on Logic Programming
                   (ICLP'12)},
  volume =        {17},
  year =          {2012},
}

@proceedings{satbooklet09,
  booktitle =     {{SAT} 2009 competitive events booklet: preliminary
                   version},
  editor =        {D. {Le Berre} and O. Roussel and L. Simon and
                   V. Manquinho and J. Argelich and C. Li and
                   F. Many{\`a} and J. Planes},
  note =          {Available at
  \url{http://www.cril.univ-artois.fr/SAT09/solvers/booklet.pdf}},
  title =         {{SAT} 2009 competitive events booklet: preliminary
                   version},
  year =          {2009},
}

@proceedings{ijcai03,
  booktitle =     {Proceedings of the Eighteenth International Joint
                   Conference on Artificial Intelligence (IJCAI'03)},
  editor =        {G. Gottlob and T. Walsh},
  publisher =     {Morgan Kaufmann Publishers},
  title =         {Proceedings of the Eighteenth International Joint
                   Conference on Artificial Intelligence (IJCAI'03)},
  year =          {2003},
}

@proceedings{ecai96,
  booktitle =     {Proceedings of the Twelfth European Conference on
                   Artificial Intelligence (ECAI'96)},
  editor =        {W. Wahlster},
  publisher =     {John Wiley \& sons},
  title =         {Proceedings of the Twelfth European Conference on
                   Artificial Intelligence (ECAI'96)},
  year =          {1996},
}

@proceedings{sat05,
  booktitle =     {Proceedings of the Eighth International Conference on
                   Theory and Applications of Satisfiability Testing
                   (SAT'05)},
  editor =        {F. Bacchus and T. Walsh},
  publisher =     {Springer-Verlag},
  series =        {Lecture Notes in Computer Science},
  title =         {Proceedings of the Eighth International Conference on
                   Theory and Applications of Satisfiability Testing
                   (SAT'05)},
  volume =        {3569},
  year =          {2005},
}

@proceedings{sat03,
  booktitle =     {Proceedings of the Sixth International Conference on
                   Theory and Applications of Satisfiability Testing
                   (SAT'03)},
  editor =        {E. Giunchiglia and A. Tacchella},
  publisher =     {Springer-Verlag},
  series =        {Lecture Notes in Computer Science},
  title =         {Proceedings of the Sixth International Conference on
                   Theory and Applications of Satisfiability Testing
                   (SAT'03)},
  volume =        {2919},
  year =          {2004},
}

@proceedings{lpnmr13,
  booktitle =     {Proceedings of the Twelfth International Conference
                   on Logic Programming and Nonmonotonic Reasoning
                   (LPNMR'13)},
  editor =        {P. Cabalar and T. Son},
  publisher =     {Springer-Verlag},
  series =        {Lecture Notes in Artificial Intelligence},
  title =         {Proceedings of the Twelfth International Conference
                   on Logic Programming and Nonmonotonic Reasoning
                   (LPNMR'13)},
  volume =        {8148},
  year =          {2013},
}

@proceedings{iclp-lipics11,
  booktitle =     {Technical Communications of the Twenty-seventh
                   International Conference on Logic Programming
                   (ICLP'11)},
  editor =        {J. Gallagher and M. Gelfond},
  publisher =     {Leibniz International Proceedings in Informatics
                   (LIPIcs)},
  title =         {Technical Communications of the Twenty-seventh
                   International Conference on Logic Programming
                   (ICLP'11)},
  volume =        {11},
  year =          {2011},
}

@proceedings{ijcai07,
  booktitle =     {Proceedings of the Twentieth International Joint
                   Conference on Artificial Intelligence (IJCAI'07)},
  editor =        {M. Veloso},
  publisher =     {AAAI/MIT Press},
  title =         {Proceedings of the Twentieth International Joint
                   Conference on Artificial Intelligence (IJCAI'07)},
  year =          {2007},
}

@proceedings{ecai08,
  booktitle =     {Proceedings of the Eighteenth European Conference on
                   Artificial Intelligence (ECAI'08)},
  editor =        {M. Ghallab and C. Spyropoulos and N. Fakotakis and
                   N. Avouris},
  publisher =     {IOS Press},
  title =         {Proceedings of the Eighteenth European Conference on
                   Artificial Intelligence (ECAI'08)},
  year =          {2008},
}

@proceedings{aaai13,
  booktitle =     {Proceedings of the Twenty-Seventh National Conference
                   on Artificial Intelligence (AAAI'13)},
  editor =        {M. {desJardins} and M. Littman},
  publisher =     {AAAI Press},
  title =         {Proceedings of the Twenty-Seventh National Conference
                   on Artificial Intelligence (AAAI'13)},
  year =          {2013},
}

@proceedings{cpaior09,
  booktitle =     {Proceedings of the Sixth International Conference on
                   Integration of AI and OR Techniques in Constraint
                   Programming for Combinatorial Optimization Problems
                   (CPAIOR'09)},
  editor =        {W. {van Hoeve} and J. Hooker},
  publisher =     {Springer-Verlag},
  series =        {Lecture Notes in Computer Science},
  title =         {Proceedings of the Sixth International Conference on
                   Integration of AI and OR Techniques in Constraint
                   Programming for Combinatorial Optimization Problems
                   (CPAIOR'09)},
  volume =        {5547},
  year =          {2009},
}

@proceedings{lpnmr09,
  booktitle =     {Proceedings of the Tenth International Conference on
                   Logic Programming and Nonmonotonic Reasoning
                   (LPNMR'09)},
  editor =        {E. Erdem and F. Lin and T. Schaub},
  publisher =     {Springer-Verlag},
  series =        {Lecture Notes in Artificial Intelligence},
  title =         {Proceedings of the Tenth International Conference on
                   Logic Programming and Nonmonotonic Reasoning
                   (LPNMR'09)},
  volume =        {5753},
  year =          {2009},
}

@book{KRHandbook,
  booktitle =     {Handbook of Knowledge Representation},
  editor =        {V. Lifschitz and F. {van Harmelen} and B. Porter},
  publisher =     {Elsevier Science},
  title =         {Handbook of Knowledge Representation},
  year =          {2008},
}

@proceedings{iclp09,
  booktitle =     {Proceedings of the Twenty-fifth International
                   Conference on Logic Programming (ICLP'09)},
  editor =        {P. Hill and D. Warren},
  publisher =     {Springer-Verlag},
  series =        {Lecture Notes in Computer Science},
  title =         {Proceedings of the Twenty-fifth International
                   Conference on Logic Programming (ICLP'09)},
  volume =        {5649},
  year =          {2009},
}

@book{vl65,
  booktitle =     {Correct Reasoning: Essays on Logic-Based {AI} in
                   Honour of {V}ladimir {L}ifschitz},
  editor =        {E. Erdem and J. Lee and Y. Lierler and D. Pearce},
  publisher =     {Springer-Verlag},
  series =        {Lecture Notes in Computer Science},
  title =         {Correct Reasoning: Essays on Logic-Based {AI} in
                   Honour of {V}ladimir {L}ifschitz},
  volume =        {7265},
  year =          {2012},
}

@proceedings{lion11,
  booktitle =     {Proceedings of the Fifth International Conference on
                   Learning and Intelligent Optimization (LION'11)},
  publisher =     {Springer-Verlag},
  series =        {Lecture Notes in Computer Science},
  title =         {Proceedings of the Fifth International Conference on
                   Learning and Intelligent Optimization (LION'11)},
  volume =        {6683},
  year =          {2011},
}

@proceedings{tacas10,
  booktitle =     {Proceedings of the Sixteenth International Conference
                   on Tools and Algorithms for the Construction and
                   Analysis of Systems (TACAS'10)},
  editor =        {J. Esparza and R. Majumdar},
  publisher =     {Springer-Verlag},
  series =        {Lecture Notes in Computer Science},
  title =         {Proceedings of the Sixteenth International Conference
                   on Tools and Algorithms for the Construction and
                   Analysis of Systems (TACAS'10)},
  volume =        {6015},
  year =          {2010},
}

@proceedings{dac01,
  booktitle =     {Proceedings of the Thirty-eighth Conference on Design
                   Automation (DAC'01)},
  publisher =     {ACM Press},
  title =         {Proceedings of the Thirty-eighth Conference on Design
                   Automation (DAC'01)},
  year =          {2001},
}

@proceedings{sat07,
  booktitle =     {Proceedings of the Tenth International Conference on
                   Theory and Applications of Satisfiability Testing
                   (SAT'07)},
  editor =        {J. Marques-Silva and K. Sakallah},
  publisher =     {Springer-Verlag},
  series =        {Lecture Notes in Computer Science},
  title =         {Proceedings of the Tenth International Conference on
                   Theory and Applications of Satisfiability Testing
                   (SAT'07)},
  volume =        {4501},
  year =          {2007},
}

@proceedings{aspocp13,
  booktitle =     {Proceedings of the Sixth Workshop on Answer Set
                   Programming and Other Computing Paradigms
                   (ASPOCP'13)},
  editor =        {M. Fink and Y. Lierler},
  publisher =     {CoRR},
  title =         {Proceedings of the Sixth Workshop on Answer Set
                   Programming and Other Computing Paradigms
                   (ASPOCP'13)},
  year =          {2013},
}

@proceedings{kr14,
  booktitle =     {Proceedings of the Fourteenth International
                   Conference on Principles of Knowledge Representation
                   and Reasoning (KR'14)},
  editor =        {C. Baral and G. {De Giacomo} and T. Eiter},
  publisher =     {AAAI Press},
  title =         {Proceedings of the Fourteenth International
                   Conference on Principles of Knowledge Representation
                   and Reasoning (KR'14)},
  year =          {2014},
}

@proceedings{iclp-tc14,
  booktitle =     {Technical Communications of the Thirtieth
                   International Conference on Logic Programming
                   (ICLP'14)},
  editor =        {M. Leuschel and T. Schrijvers},
  series =        {Theory and Practice of Logic Programming, Online
                   Supplement},
  title =         {Technical Communications of the Thirtieth
                   International Conference on Logic Programming
                   (ICLP'14)},
  volume =        {14(4-5)},
  year =          {2014},
}

@proceedings{aaai15,
  booktitle =     {Proceedings of the Twenty-Ninth National Conference
                   on Artificial Intelligence (AAAI'15)},
  editor =        {B. Bonet and S. Koenig},
  publisher =     {AAAI Press},
  title =         {Proceedings of the Twenty-Ninth National Conference
                   on Artificial Intelligence (AAAI'15)},
  year =          {2015},
}

@proceedings{iclp-lipics16,
  booktitle =     {Technical Communications of the Thirty-second
                   International Conference on Logic Programming
                   (ICLP'16)},
  editor =        {M. Carro and A. King},
  publisher =     {Open Access Series in Informatics (OASIcs)},
  title =         {Technical Communications of the Thirty-second
                   International Conference on Logic Programming
                   (ICLP'16)},
  volume =        {52},
  year =          {2016},
}

@proceedings{rw17,
  booktitle =     {Proceedings of the Thirteenth International Summer
                   School of the Reasoning Web},
  editor =        {G. Ianni and D. Lembo and L. Bertossi and W. Faber and
                   B. Glimm and G. Gottlob and S. Staab},
  publisher =     {Springer-Verlag},
  series =        {Lecture Notes in Computer Science},
  title =         {Proceedings of the Thirteenth International Summer
                   School of the Reasoning Web},
  volume =        {10370},
  year =          {2017},
}

